@article{thorne1988,
  author = {Morris, M. S. and Thorne, K. S. and Yurtsever, U.},
  title = {Wormholes, Time Machines, and the Weak Energy Condition},
  journal = {Phys. Rev. Lett.},
  volume = {61},
  pages = {1446--1449},
  year = {1988},
  doi = {10.1103/PhysRevLett.61.1446}
}

@article{friedman1993,
  author = {Friedman, J. L. and Schleich, K. and Witt, D. M.},
  title = {Topological censorship},
  journal = {Phys. Rev. Lett.},
  volume = {71},
  pages = {1486},
  year = {1993},
  doi = {10.1103/PhysRevLett.71.1486}
}

@article{almheiri2020,
  author = {Almheiri, A. and others},
  title = {The Entropy of Hawking Radiation},
  journal = {Rev. Mod. Phys.},
  volume = {93},
  pages = {035002},
  year = {2021},
  doi = {10.1103/RevModPhys.93.035002}
}

@misc{preskill1998,
  author = {Preskill, J.},
  title = {Lecture Notes on Quantum Error Correction},
  year = {1998},
  note = {Caltech},
  url = {http://theory.caltech.edu/~preskill/ph229/}
}

@article{Loffler2012,
  author = {Löffler, F. and others},
  title = {The Einstein Toolkit...},
  journal = {Class. Quantum Grav.},
  volume = {29},
  pages = {115001},
  year = {2012},
  doi = {10.1088/0264-9381/29/11/115001}
}

@article{hawking1992,
  author = {Hawking, S. W.},
  title = {Chronology protection conjecture},
  journal = {Phys. Rev. D},
  volume = {46},
  pages = {603--611},
  year = {1992},
  doi = {10.1103/PhysRevD.46.603}
}

@article{zurek2001,
  author = {Zurek, W. H.},
  title = {Sub-Planck Structure in Phase Space and Its Relevance for Quantum Decoherence},
  journal = {Nature},
  volume = {412},
  pages = {712--717},
  year = {2001},
  doi = {10.1038/35089017}
}

@article{zurek2003,
  author = {Zurek, W. H.},
  title = {Decoherence and the transition from quantum to classical},
  journal = {Rev. Mod. Phys.},
  volume = {75},
  pages = {715--775},
  year = {2003},
  doi = {10.1103/RevModPhys.75.715}
}

@book{Schlosshauer2007,
  author = {Schlosshauer, M.},
  title = {Decoherence and the Quantum-to-Classical Transition},
  publisher = {Springer},
  year = {2007},
  isbn = {978-3540357735}
}

@article{york1972,
  author = {York, J. W.},
  title = {Role of conformal three-geometry in the dynamics of gravitation},
  journal = {Phys. Rev. Lett.},
  volume = {28},
  pages = {1082--1085},
  year = {1972},
  doi = {10.1103/PhysRevLett.28.1082}
}

@book{baumgarte2010,
  author = {Baumgarte, T. W. and Shapiro, S. L.},
  title = {Numerical Relativity: Solving Einstein’s Equations on the Computer},
  publisher = {Cambridge University Press},
  year = {2010},
  isbn = {978-0521514071}
}

@article{Choptuik1993,
  author = {Choptuik, M. W.},
  title = {Universality and scaling in gravitational collapse of a massless scalar field},
  journal = {Phys. Rev. Lett.},
  volume = {70},
  pages = {9--12},
  year = {1993},
  doi = {10.1103/PhysRevLett.70.9}
}

@article{Pretorius2005,
  author = {Pretorius, F.},
  title = {Numerical relativity using a generalized harmonic decomposition},
  journal = {Class. Quantum Grav.},
  volume = {22},
  number = {2},
  pages = {425--452},
  year = {2005},
  doi = {10.1088/0264-9381/22/2/014}
}

@article{ford2000,
  author = {Ford, L. H. and Roman, T. A.},
  title = {Negative Energy, Wormholes and Warp Drive},
  journal = {Sci. Amer.},
  volume = {282},
  number = {1},
  pages = {46--53},
  year = {2000},
  doi = {10.1038/scientificamerican0100-46}
}

@article{schlosshauer2019,
  author = {Schlosshauer, M.},
  title = {Quantum Decoherence},
  journal = {Phys. Rep.},
  volume = {831},
  pages = {1--57},
  year = {2019},
  doi = {10.1016/j.physrep.2019.10.001}
}

@article{Donoghue1994,
  author = {Donoghue, J. F.},
  title = {General relativity as an effective field theory},
  journal = {Phys. Rev. D},
  volume = {50},
  pages = {3874--3888},
  year = {1994},
  doi = {10.1103/PhysRevD.50.3874}
}

@article{Bombelli1987,
  author = {Bombelli, L. and Lee, J. and Meyer, D. and Sorkin, R. D.},
  title = {Space-time as a causal set},
  journal = {Phys. Rev. Lett.},
  volume = {59},
  pages = {521--524},
  year = {1987},
  doi = {10.1103/PhysRevLett.59.521}
}

@article{Reuter1998,
  author = {Reuter, M. and Saueressig, F.},
  title = {Nonperturbative evolution equation for quantum gravity},
  journal = {Phys. Rev. D},
  volume = {57},
  pages = {971},
  year = {1998},
  doi = {10.1103/PhysRevD.57.971}
}

@article{dirac1950,
  author = {Dirac, P. A. M.},
  title = {Generalized Hamiltonian Dynamics},
  journal = {Can. J. Math.},
  volume = {2},
  pages = {129--148},
  year = {1950},
  doi = {10.34663/9783945561317-36}
}

@article{Ashtekar2011,
  author = {Ashtekar, A. and Singh, P.},
  title = {Loop Quantum Cosmology},
  journal = {Class. Quantum Grav.},
  volume = {28},
  pages = {213001},
  year = {2011},
  doi = {10.48550/arXiv.1108.0893},
  eprint = {1108.0893},
  archiveprefix = {arXiv}
}

@article{lidar1998,
  author = {Lidar, D. A. and Chuang, I. L. and Whaley, K. B.},
  title = {Decoherence-Free Subspaces for Quantum Computation},
  journal = {Phys. Rev. Lett.},
  volume = {81},
  pages = {2594--2597},
  year = {1998},
  doi = {10.1103/PhysRevLett.81.2594}
}

@article{Hossenfelder2013,
  author = {Hossenfelder, S.},
  title = {Minimal Length Scale Scenarios for Quantum Gravity},
  journal = {Living Rev. Rel.},
  volume = {16},
  pages = {2},
  year = {2013},
  doi = {10.48550/arXiv.1203.6191}
}

@incollection{curiel2017,
  author = {Curiel, E.},
  title = {A Primer on Energy Conditions},
  booktitle = {Towards a Theory of Spacetime Theories},
  pages = {43--71},
  publisher = {Birkhäuser},
  year = {2017},
  doi = {10.1007/978-1-4939-3210-8_3}
}

@article{deutsch1991,
  author = {Deutsch, D.},
  title = {Quantum mechanics near closed timelike lines},
  journal = {Phys. Rev. D},
  volume = {44},
  pages = {3197--3217},
  year = {1991},
  doi = {10.1103/PhysRevD.44.3197}
}

@article{wheeler1957,
  author = {Wheeler, J. A.},
  title = {On the Nature of Quantum Geometrodynamics},
  journal = {Ann. Phys.},
  volume = {2},
  number = {6},
  pages = {604--614},
  year = {1957},
  doi = {10.1016/0003-4916(57)90050-7}
}

@article{Barcelo2011,
  author = {Barceló, C. and others},
  title = {Analogue gravity},
  journal = {Living Rev. Relativ.},
  volume = {14},
  pages = {3},
  year = {2011},
  doi = {10.12942/lrr-2011-3}
}

@article{Doplicher1994,
  author = {Doplicher, S. and Fredenhagen, K. and Roberts, J. E.},
  title = {The Quantum structure of spacetime at the Planck scale and quantum fields},
  journal = {Commun. Math. Phys.},
  volume = {172},
  pages = {187--220},
  year = {1995},
  doi = {10.1007/BF02104515}
}

@article{FordRoman1996,
  author = {Ford, L. H. and Roman, T. A.},
  title = {Quantum field theory constrains traversable wormhole geometries},
  journal = {Phys. Rev. D},
  volume = {53},
  pages = {5496--5507},
  year = {1996},
  doi = {10.1103/PhysRevD.53.5496}
}

@article{Addazi2022,
  author = {Addazi, A. and others},
  title = {Quantum Gravity Phenomenology at the Dawn of the Multi-Messenger Era---A Review},
  journal = {Prog. Part. Nucl. Phys.},
  volume = {125},
  pages = {103948},
  year = {2022},
  doi = {10.1016/j.ppnp.2022.103948},
  eprint = {2111.05659},
  archiveprefix = {arXiv},
  primaryclass = {hep-ph}
}

@article{ligo2015,
  author = {{LIGO Collaboration}},
  title = {Advanced LIGO},
  journal = {Class. Quantum Grav.},
  volume = {32},
  number = {7},
  pages = {074001},
  year = {2015},
  doi = {10.1088/0264-9381/32/7/074001}
}

@article{hossenfelder2013,
  author = {Hossenfelder, S.},
  title = {Minimal Length Scale Scenarios for Quantum Gravity},
  journal = {Living Rev. Rel.},
  volume = {16},
  pages = {2},
  year = {2013},
  doi = {10.12942/lrr-2013-2}
}

@article{fermilat2009,
  author = {Atwood, W. B. and others},
  title = {The Large Area Telescope on the Fermi Gamma-Ray Space Telescope Mission},
  journal = {Astrophys. J.},
  volume = {697},
  pages = {1071--1102},
  year = {2009},
  doi = {10.1088/0004-637X/697/2/1071}
}

@article{bekenstein1973,
  author = {Bekenstein, J. D.},
  title = {Black Holes and Entropy},
  journal = {Phys. Rev. D},
  volume = {7},
  pages = {2333--2346},
  year = {1973},
  doi = {10.1103/PhysRevD.7.2333}
}

@article{Padmanabhan2004,
  author = {Padmanabhan, T.},
  title = {Entropy of static space-times and microscopic density of states},
  journal = {Class. Quantum Grav.},
  volume = {21},
  pages = {4485--4494},
  year = {2004},
  doi = {10.1088/0264-9381/21/18/013},
  eprint = {gr-qc/0308070},
  archiveprefix = {arXiv}
}

@book{jaynes2003,
  author = {Jaynes, E. T.},
  title = {Probability Theory: The Logic of Science},
  publisher = {Cambridge University Press},
  year = {2003},
  isbn = {978-0521592710}
}

@inproceedings{Sorkin2005,
  author = {Sorkin, R. D.},
  title = {Entanglement entropy vs. Fisher information},
  booktitle = {J. Phys.: Conf. Ser.},
  volume = {67},
  pages = {012018},
  year = {2005},
  doi = {10.1088/1742-6596/67/1/012018}
}

@incollection{Hawking1979,
  author = {Hawking, S. W.},
  title = {The path-integral approach to quantum gravity},
  booktitle = {General Relativity: An Einstein Centenary Survey},
  editor = {Hawking, S. W. and Israel, W.},
  publisher = {Cambridge University Press},
  year = {1979},
  isbn = {978-0521299282}
}

@article{Bishop2011,
  author = {Bishop, N. and Pollney, D. and Reisswig, C.},
  title = {Initial data transients in binary black hole evolutions},
  journal = {Class. Quantum Grav.},
  volume = {28},
  pages = {155019},
  year = {2011},
  eprint = {1101.5492},
  archiveprefix = {arXiv},
  primaryclass = {gr-qc}
}

@book{briggs2000,
  author = {Briggs, W. L. and Henson, V. E. and McCormick, S. F.},
  title = {A Multigrid Tutorial},
  publisher = {SIAM},
  year = {2000},
  isbn = {978-0-89871-462-3}
}

@article{berger1984,
  author = {Berger, M. J. and Oliger, J.},
  title = {Adaptive Mesh Refinement for Hyperbolic PDEs},
  journal = {J. Comput. Phys.},
  volume = {53},
  pages = {484--512},
  year = {1984},
  doi = {10.1016/0021-9991(84)90073-1}
}

@article{harris2020,
  author = {Harris, C. R. and others},
  title = {Array programming with NumPy},
  journal = {Nature},
  volume = {585},
  pages = {357--362},
  year = {2020},
  doi = {10.1038/s41586-020-2649-2}
}

@article{beem1988,
  author = {Beem, J. K. and Ehrlich, P. E. and Markvorsen, S.},
  title = {Timelike isometries and Killing fields},
  journal = {Geom. Dedicata},
  volume = {26},
  pages = {247--258},
  year = {1988},
  doi = {10.1007/BF00183017}
}

@article{Morris-Thorne,
  author = {Morris, M. S. and Thorne, K. S.},
  title = {Wormholes in spacetime and their use for interstellar travel},
  journal = {Am. J. Phys.},
  volume = {56},
  pages = {395--412},
  year = {1988},
  doi = {10.1119/1.15620}
}

@article{gao2017,
  author = {Gao, P. and Jafferis, D. L. and Wall, A. C.},
  title = {Traversable Wormholes via a Double Trace Deformation},
  journal = {J. High Energy Phys.},
  volume = {2017},
  number = {12},
  pages = {151},
  year = {2017},
  doi = {10.1007/JHEP12(2017)151}
}

@article{Maldacena2013,
  author = {Maldacena, J. and Susskind, L.},
  title = {Cool Horizons for Entangled Black Holes},
  journal = {Fortschr. Phys.},
  volume = {61},
  pages = {781--811},
  year = {2013},
  doi = {10.1002/prop.201300020}
}

@article{Hochberg1997,
  author = {Hochberg, D. and Visser, M.},
  title = {Geometric Structure of the Generic Static Wormhole Throat},
  journal = {Phys. Rev. D},
  volume = {56},
  pages = {4745--4755},
  year = {1997},
  doi = {10.1103/PhysRevD.56.4745}
}

@article{Maldacena2017,
  author = {Maldacena, J. and Milekhin, A.},
  title = {Humanly traversable wormholes},
  journal = {Phys. Rev. D},
  volume = {103},
  pages = {066007},
  year = {2021},
  doi = {10.1103/PhysRevD.103.066007},
  eprint = {2008.06618},
  archiveprefix = {arXiv},
  primaryclass = {hep-th}
}

@misc{Witten2001,
  author = {Witten, E.},
  title = {Multi-Trace Operators, Boundary Conditions, and AdS/CFT Correspondence},
  year = {2001},
  eprint = {hep-th/0112258},
  archiveprefix = {arXiv},
  doi = {10.48550/arXiv.hep-th/0112258}
}

@article{FordRoman1999,
  author = {Ford, L. H. and Roman, T. A.},
  title = {The Quantum Interest Conjecture},
  journal = {Phys. Rev. D},
  volume = {60},
  pages = {104018},
  year = {1999},
  doi = {10.1103/PhysRevD.60.104018}
}

@article{LIGO2023,
  author = {Abbott, R. and others},
  title = {GWTC-3: Compact Binary Coalescences Observed by LIGO and Virgo during the Second Part of the Third Observing Run},
  journal = {Phys. Rev. X},
  volume = {14},
  pages = {041039},
  year = {2023},
  doi = {10.1103/PhysRevX.13.041039}
}

@article{frolov2023,
  author = {Frolov, V. P. and Krtouš, P. and Zelnikov, A.},
  title = {Ring wormholes and time machines},
  journal = {Phys. Rev. D},
  volume = {108},
  pages = {024034},
  year = {2023},
  doi = {10.1103/PhysRevD.108.024034},
  url = {https://journals.aps.org/prd/abstract/10.1103/PhysRevD.108.024034}
}

@book{strogatz2018,
  author = {Strogatz, S. H.},
  title = {Nonlinear Dynamics and Chaos},
  publisher = {CRC Press},
  year = {2018},
  isbn = {978-0813350844}
}

@article{aharonov1959,
  author = {Aharonov, Y. and Bohm, D.},
  title = {Significance of Electromagnetic Potentials in the Quantum Theory},
  journal = {Phys. Rev.},
  volume = {115},
  pages = {485--491},
  year = {1959},
  doi = {10.1103/PhysRev.115.485}
}

@misc{kim2014,
  author = {Kim, I. H. and Chandran, A. and Abanin, D. A.},
  title = {Local Integrals of Motion and the Logarithmic Lightcone in Many-Body Localized Systems},
  year = {2014},
  doi = {10.48550/arXiv.1412.3073},
  eprint = {1412.3073},
  archiveprefix = {arXiv},
  primaryclass = {cond-mat.dis-nn}
}

@article{nandkishore2015,
  author = {Nandkishore, R. and Huse, D. A.},
  title = {Many-Body Localization and Thermalization in Quantum Statistical Mechanics},
  journal = {Annu. Rev. Condens. Matter Phys.},
  volume = {6},
  pages = {15--38},
  year = {2015},
  doi = {10.1146/annurev-conmatphys-031214-014726}
}

@book{visser1995,
  author = {Visser, M.},
  title = {Lorentzian Wormholes: From Einstein to Hawking},
  publisher = {AIP Press},
  year = {1995},
  isbn = {978-1563963940}
}

@article{Coleman-deLuccia,
  author = {Coleman, S. and De Luccia, F.},
  title = {Gravitational effects on and of vacuum decay},
  journal = {Phys. Rev. D},
  volume = {21},
  pages = {3305--3315},
  year = {1980},
  doi = {10.1103/PhysRevD.21.3305}
}

@article{visser1996,
  author = {Visser, M.},
  title = {Traversable wormholes from surgically modified Schwarzschild spacetimes},
  journal = {Nucl. Phys. B},
  volume = {328},
  pages = {203--212},
  year = {1989},
  doi = {10.1016/0550-3213(89)90100-4}
}

@book{MTW1973,
  author = {Misner, C. W. and Thorne, K. S. and Wheeler, J. A.},
  title = {Gravitation},
  publisher = {Freeman},
  year = {1973}
}

@article{robson2019,
  author = {Robson, T. and Cornish, N. J. and Liu, C.},
  title = {The construction and use of LISA sensitivity curves},
  journal = {Class. Quantum Grav.},
  volume = {36},
  number = {10},
  pages = {105011},
  year = {2019},
  doi = {10.1088/1361-6382/ab1101}
}

@article{lisa2023,
  author = {Amaro-Seoane, P. and others},
  title = {Astrophysics with the Laser Interferometer Space Antenna},
  journal = {Living Rev. Relativ.},
  volume = {26},
  pages = {2},
  year = {2023},
  doi = {10.1007/s41114-022-00041-y}
}

@article{kawamura2021,
  author = {Kawamura, S. and others},
  title = {Current Status of DECIGO},
  journal = {Prog. Theor. Exp. Phys.},
  volume = {2021},
  pages = {05A105},
  year = {2021},
  doi = {10.1093/ptep/ptab019}
}

@article{thomson1985,
  author = {Thomson, J. J.},
  title = {The Trolley Problem},
  journal = {Yale Law J.},
  volume = {94},
  pages = {1395--1415},
  year = {1985},
  doi = {10.2307/796133}
}

@article{bruza2015,
  author = {Bruza, P. D. and Wang, Z. and Busemeyer, J. R.},
  title = {Quantum cognition},
  journal = {Trends Cogn. Sci.},
  volume = {19},
  pages = {383--393},
  year = {2015},
  doi = {10.1016/j.tics.2015.05.001}
}

@article{Johansson2013,
  author = {Johansson, J. and others},
  title = {QuTiP 2: A Python framework for the dynamics of open quantum systems},
  journal = {Comp. Phys. Comm.},
  volume = {184},
  pages = {1234},
  year = {2013},
  doi = {10.1016/j.cpc.2012.11.019}
}

@misc{ITensor2020,
  author = {{ITensor Collaboration}},
  title = {{ITensor—A C++ Library for Implementing Tensor Network Calculations}},
  year = {2020},
  url = {https://itensor.org/},
  note = {Version 3.0}
}

@article{Gross2010,
  author = {Gross, C. and Zibold, T. and Nicklas, E. and others},
  title = {Nonlinear atom interferometer surpasses classical precision limit},
  journal = {Nature},
  volume = {464},
  pages = {1165--1169},
  year = {2010},
  doi = {10.1038/nature08919}
}

@book{Canuto2006,
  author = {Canuto, C. and others},
  title = {Spectral Methods: Fundamentals in Single Domains},
  publisher = {Springer},
  year = {2006},
  isbn = {978-3-540-30725-9}
}

@article{tipler1977,
  author = {Tipler, F. J.},
  title = {Singularities and causality violation},
  journal = {Annals Phys.},
  volume = {108},
  pages = {1--36},
  year = {1977},
  doi = {10.1016/0003-4916(77)90348-7}
}

@book{kiefer2012,
  author = {Kiefer, C.},
  title = {Quantum Gravity: Third Edition},
  publisher = {Oxford University Press},
  year = {2012},
  isbn = {978-0199585205}
}

@article{maldacena1998,
  author = {Maldacena, J.},
  title = {The Large N Limit of Superconformal Field Theories},
  journal = {Adv. Theor. Math. Phys.},
  volume = {2},
  pages = {231--252},
  year = {1998},
  doi = {10.1023/A:1026654312961}
}

@article{Coleman1980,
  author = {Coleman, S. and Luccia, F. De},
  title = {Gravitational effects on and of vacuum decay},
  journal = {Phys. Rev. D},
  volume = {21},
  pages = {3305--3315},
  year = {1980},
  doi = {10.1103/PhysRevD.21.3305}
}

@article{Ashtekar1978,
  author = {Ashtekar, A. and Hansen, R. O.},
  title = {A unified treatment of null and spatial infinity in general relativity. I. Universal structure, asymptotic symmetries, and conserved quantities at spatial infinity},
  journal = {J. Math. Phys.},
  volume = {19},
  number = {7},
  pages = {1542--1566},
  year = {1978},
  doi = {10.1063/1.523863}
}

@book{Wald1984,
  author = {Wald, R. M.},
  title = {General Relativity},
  publisher = {University of Chicago Press},
  year = {1984},
  isbn = {978-0226870335}
}

@book{Hawking-Ellis,
  author = {Hawking, S. W. and Ellis, G. F. R.},
  title = {The Large Scale Structure of Space-Time},
  publisher = {Cambridge University Press},
  year = {1973},
  isbn = {978-0521099063}
}

@article{Huse2014,
  author = {Huse, D. A. and Nandkishore, R. and Oganesyan, V.},
  title = {Phenomenology of fully many-body-localised systems},
  journal = {Phys. Rev. B},
  volume = {90},
  pages = {174202},
  year = {2014},
  doi = {10.1103/PhysRevB.90.174202}
}

@article{lindblad1976,
  author = {Lindblad, G.},
  title = {On the Generators of Quantum Dynamical Semigroups},
  journal = {Comm. Math. Phys.},
  volume = {48},
  pages = {119--130},
  year = {1976},
  doi = {10.1007/BF01608499}
}

@book{Breuer2006,
  author = {Breuer, H.-P. and Petruccione, F.},
  title = {The Theory of Open Quantum Systems},
  publisher = {Oxford Univ. Press},
  year = {2006},
  isbn = {9780199213900},
  doi = {10.1093/acprof:oso/9780199213900.001.0001}
}

@article{Oppenheim2023,
  author = {Oppenheim, J.},
  title = {A postquantum theory of classical gravity?},
  journal = {Phys. Rev. X},
  volume = {13},
  pages = {041040},
  year = {2023},
  doi = {10.1103/PhysRevX.13.041040}
}

@incollection{neal2011,
  author = {Neal, R. M.},
  title = {MCMC Using Hamiltonian Dynamics},
  booktitle = {Handbook of Markov Chain Monte Carlo},
  pages = {113--162},
  publisher = {CRC Press},
  year = {2011},
  doi = {10.48550/arXiv.1206.1901}
}

@article{hoffman2014,
  author = {Hoffman, M. D. and Gelman, A.},
  title = {The No-U-Turn Sampler: Adaptively Setting Path Lengths in Hamiltonian Monte Carlo},
  journal = {J. Mach. Learn. Res.},
  volume = {15},
  pages = {1593--1623},
  year = {2014},
  doi = {10.5555/2627435.2638586}
}

@article{Fewster2015,
  author = {Fewster, C. J. and Ford, L. H.},
  title = {Probability distributions for quantum stress tensors measured in a finite time interval},
  journal = {Phys. Rev. D},
  volume = {92},
  pages = {105008},
  year = {2015},
  doi = {10.1103/PhysRevD.92.105008}
}

@article{godel1949,
  author = {Gödel, K.},
  title = {An Example of a New Type of Cosmological Solutions of Einstein's Field Equations of Gravitation},
  journal = {Rev. Mod. Phys.},
  volume = {21},
  pages = {447--450},
  year = {1949},
  doi = {10.1103/RevModPhys.21.447}
}